@incollection{tejani2014latent,
  title={Latent-class hough forests for 3D object detection and pose estimation},
  author={Tejani, Alykhan and Tang, Danhang and Kouskouridas, Rigas and Kim, Tae-Kyun},
  booktitle={Computer Vision--ECCV 2014},
  pages={462--477},
  year={2014},
  publisher={Springer}
}

@article{hinterstoisser2010dominant,
  title={Dominant orientation templates for real-time detection of texture-less objects},
  author={Hinterstoisser, Stefan and Lepetit, Vincent and Ilic, Slobodan and Fua, Pascal and Navab, Nassir},
  year={2010},
  publisher={IEEE}
}

@article{rennie2015dataset,
  title={A Dataset for Improved RGBD-based Object Detection and Pose Estimation for Warehouse Pick-and-Place},
  author={Rennie, Colin and Shome, Rahul and Bekris, Kostas E and De Souza, Alberto F},
  journal={arXiv preprint arXiv:1509.01277},
  year={2015}
}

@misc{willowORC,
  author = {Aldoma, Aitor and Richtsfeld, Andreas},
  title = {The Willow Garage Object Recognition Challenge},
  howpublished = "\url{http://www.acin.tuwien.ac.at/?id=312}"
}

@inproceedings{viksten2009comparison,
  title={Comparison of local image descriptors for full 6 degree-of-freedom pose estimation},
  author={Viksten, Fredrik and Forss{\'e}n, Per-Erik and Johansson, Bj{\"o}rn and Moe, Anders},
  booktitle={Robotics and Automation, 2009. ICRA'09. IEEE International Conference on},
  pages={2779--2786},
  year={2009},
  organization={IEEE}
}

@incollection{brachmann2014learning,
  title={Learning 6d object pose estimation using 3d object coordinates},
  author={Brachmann, Eric and Krull, Alexander and Michel, Frank and Gumhold, Stefan and Shotton, Jamie and Rother, Carsten},
  booktitle={Computer Vision--ECCV 2014},
  pages={536--551},
  year={2014},
  publisher={Springer}
}

@article{zhang2012microsoft,
  title={Microsoft kinect sensor and its effect},
  author={Zhang, Zhengyou},
  journal={MultiMedia, IEEE},
  volume={19},
  number={2},
  pages={4--10},
  year={2012},
  publisher={IEEE}
}

@article{srinivasa2010herb,
  title={HERB: a home exploring robotic butler},
  author={Srinivasa, Siddhartha S and Ferguson, Dave and Helfrich, Casey J and Berenson, Dmitry and Collet, Alvaro and Diankov, Rosen and Gallagher, Garratt and Hollinger, Geoffrey and Kuffner, James and Weghe, Michael Vande},
  journal={Autonomous Robots},
  volume={28},
  number={1},
  pages={5--20},
  year={2010},
  publisher={Springer}
}

@article{bradski2000opencv,
  title={The opencv library},
  author={Bradski, Gary and others},
  journal={Doctor Dobbs Journal},
  volume={25},
  number={11},
  pages={120--126},
  year={2000},
  publisher={M AND T PUBLISHING INC}
}